
@inproceedings{mobicom-gao18,
author    = {Chuhan Gao and
              Xinyu Zhang and
              Suman Banerjee},
title     = {Conductive Inkjet Printed Passive 2D TrackPad for {VR} Interaction},
booktitle = {Proceedings of the 24th Annual International Conference on Mobile
              Computing and Networking, MobiCom 2018, New Delhi, India, October
              29 - November 02, 2018},
pages     = {83--98},
year      = {2018},
url       = {https://doi.org/10.1145/3241539.3241546},
doi       = {10.1145/3241539.3241546},
timestamp = {Wed, 21 Nov 2018 12:44:24 +0100},
biburl    = {https://dblp.org/rec/bib/conf/mobicom/GaoZB18},
bibsource = {dblp computer science bibliography, https://dblp.org}
}

@inproceedings{Le-palmtouch,
author = {Le, Huy Viet and Kosch, Thomas and Bader, Patrick and Mayer, Sven and Henze, Niels},
title = {PalmTouch: Using the Palm As an Additional Input Modality on Commodity Smartphones},
booktitle = {Proceedings of the 2018 CHI Conference on Human Factors in Computing Systems},
series = {CHI '18},
year = {2018},
isbn = {978-1-4503-5620-6},
location = {Montreal QC, Canada},
pages = {360:1--360:13},
articleno = {360},
numpages = {13},
url = {http://doi.acm.org/10.1145/3173574.3173934},
doi = {10.1145/3173574.3173934},
acmid = {3173934},
publisher = {ACM},
address = {New York, NY, USA},
keywords = {capacitive image, machine learning, palm, smartphone},
} 

@inproceedings{Chan-CapStones,
author = {Chan, Liwei and M{\"u}ller, Stefanie and Roudaut, Anne and Baudisch, Patrick},
title = {CapStones and ZebraWidgets: Sensing Stacks of Building Blocks, Dials and Sliders on Capacitive Touch Screens},
booktitle = {Proceedings of the SIGCHI Conference on Human Factors in Computing Systems},
series = {CHI '12},
year = {2012},
isbn = {978-1-4503-1015-4},
location = {Austin, Texas, USA},
pages = {2189--2192},
numpages = {4},
url = {http://doi.acm.org/10.1145/2207676.2208371},
doi = {10.1145/2207676.2208371},
acmid = {2208371},
publisher = {ACM},
address = {New York, NY, USA},
keywords = {capacitive sensing, multi-component, tangible interface},
} 

@inproceedings{vadgama2017flexy,
author = {Vadgama, Nirzaree and Steimle, J{\"u}rgen},
title = {Flexy: Shape-Customizable, Single-Layer, Inkjet Printable Patterns for 1D and 2D Flex Sensing},
booktitle = {Proceedings of the Eleventh International Conference on Tangible, Embedded, and Embodied Interaction},
series = {TEI '17},
year = {2017},
isbn = {978-1-4503-4676-4},
location = {Yokohama, Japan},
pages = {153--162},
numpages = {10},
url = {http://doi.acm.org/10.1145/3024969.3024989},
doi = {10.1145/3024969.3024989},
acmid = {3024989},
publisher = {ACM},
address = {New York, NY, USA},
keywords = {conductive inkjet printing, deformable input devices, digital fabrication, flexible sensor, rapid prototyping},
} 


@inproceedings{olberding2015foldio,
author = {Olberding, Simon and Soto Ortega, Sergio and Hildebrandt, Klaus and Steimle, J{\"u}rgen},
title = {Foldio: Digital Fabrication of Interactive and Shape-Changing Objects With Foldable Printed Electronics},
booktitle = {Proceedings of the 28th Annual ACM Symposium on User Interface Software and Technology},
series = {UIST '15},
year = {2015},
isbn = {978-1-4503-3779-3},
location = {Charlotte, NC, USA},
pages = {223--232},
numpages = {10},
url = {http://doi.acm.org/10.1145/2807442.2807494},
doi = {10.1145/2807442.2807494},
acmid = {2807494},
publisher = {ACM},
address = {New York, NY, USA},
keywords = {digital fabrication, folding, input sensing, paper computing, printed elec-tronics, rapid prototyping, shape displays, shape-changing interfaces, thin-film actuator.},
} 

@inproceedings{olberding2013cuttable,
author = {Olberding, Simon and Gong, Nan-Wei and Tiab, John and Paradiso, Joseph A. and Steimle, J{\"u}rgen},
title = {A Cuttable Multi-touch Sensor},
booktitle = {Proceedings of the 26th Annual ACM Symposium on User Interface Software and Technology},
series = {UIST '13},
year = {2013},
isbn = {978-1-4503-2268-3},
location = {St. Andrews, Scotland, United Kingdom},
pages = {245--254},
numpages = {10},
url = {http://doi.acm.org/10.1145/2501988.2502048},
doi = {10.1145/2501988.2502048},
acmid = {2502048},
publisher = {ACM},
address = {New York, NY, USA},
keywords = {capacitive sensing, cmulti-touch sensor, cuttable electronics, printed electronics, ubiquitous computing},
} 


@inproceedings{gong2014printsense,
author = {Gong, Nan-Wei and Steimle, J{\"u}rgen and Olberding, Simon and Hodges, Steve and Gillian, Nicholas Edward and Kawahara, Yoshihiro and Paradiso, Joseph A.},
title = {PrintSense: A Versatile Sensing Technique to Support Multimodal Flexible Surface Interaction},
booktitle = {Proceedings of the SIGCHI Conference on Human Factors in Computing Systems},
series = {CHI '14},
year = {2014},
isbn = {978-1-4503-2473-1},
location = {Toronto, Ontario, Canada},
pages = {1407--1410},
numpages = {4},
url = {http://doi.acm.org/10.1145/2556288.2557173},
doi = {10.1145/2556288.2557173},
acmid = {2557173},
publisher = {ACM},
address = {New York, NY, USA},
keywords = {"interactive surface, conductive inkjet printed electronics", flexible sensor, multimodal input, touch input},
} 

@inproceedings{olberding2014printscreen,
author = {Olberding, Simon and Wessely, Michael and Steimle, J{\"u}rgen},
title = {PrintScreen: Fabricating Highly Customizable Thin-film Touch-displays},
booktitle = {Proceedings of the 27th Annual ACM Symposium on User Interface Software and Technology},
series = {UIST '14},
year = {2014},
isbn = {978-1-4503-3069-5},
location = {Honolulu, Hawaii, USA},
pages = {281--290},
numpages = {10},
url = {http://doi.acm.org/10.1145/2642918.2647413},
doi = {10.1145/2642918.2647413},
acmid = {2647413},
publisher = {ACM},
address = {New York, NY, USA},
keywords = {digital fabrication, electroluminescence, flexible display, printed electronics, rapid prototyping, tfel, thin-film display, touch input, ubiquitous computing.},
} 

@inproceedings{Kawahara-inkjet,
author = {Kawahara, Yoshihiro and Hodges, Steve and Cook, Benjamin S. and Zhang, Cheng and Abowd, Gregory D.},
title = {Instant Inkjet Circuits: Lab-based Inkjet Printing to Support Rapid Prototyping of UbiComp Devices},
booktitle = {Proceedings of the 2013 ACM International Joint Conference on Pervasive and Ubiquitous Computing},
series = {UbiComp '13},
year = {2013},
isbn = {978-1-4503-1770-2},
location = {Zurich, Switzerland},
pages = {363--372},
numpages = {10},
url = {http://doi.acm.org/10.1145/2493432.2493486},
doi = {10.1145/2493432.2493486},
acmid = {2493486},
publisher = {ACM},
address = {New York, NY, USA},
keywords = {capacitive sensors, conductive ink, digital fabrication, inkjet-printing, rapid prototyping},
} 


@inproceedings{Holz-bodyprint,
author = {Holz, Christian and Buthpitiya, Senaka and Knaust, Marius},
title = {Bodyprint: Biometric User Identification on Mobile Devices Using the Capacitive Touchscreen to Scan Body Parts},
booktitle = {Proceedings of the 33rd Annual ACM Conference on Human Factors in Computing Systems},
series = {CHI '15},
year = {2015},
isbn = {978-1-4503-3145-6},
location = {Seoul, Republic of Korea},
pages = {3011--3014},
numpages = {4},
url = {http://doi.acm.org/10.1145/2702123.2702518},
doi = {10.1145/2702123.2702518},
acmid = {2702518},
publisher = {ACM},
address = {New York, NY, USA},
keywords = {biometric au-thentication, capacitive touchscreen, fingerprints., mobile devices, phones, user identification},
} 

@inproceedings{Grosse-Puppendahl-capacitive,
author = {Grosse-Puppendahl, Tobias and Holz, Christian and Cohn, Gabe and Wimmer, Raphael and Bechtold, Oskar and Hodges, Steve and Reynolds, Matthew S. and Smith, Joshua R.},
title = {Finding Common Ground: A Survey of Capacitive Sensing in Human-Computer Interaction},
booktitle = {Proceedings of the 2017 CHI Conference on Human Factors in Computing Systems},
series = {CHI '17},
year = {2017},
isbn = {978-1-4503-4655-9},
location = {Denver, Colorado, USA},
pages = {3293--3315},
numpages = {23},
url = {http://doi.acm.org/10.1145/3025453.3025808},
doi = {10.1145/3025453.3025808},
acmid = {3025808},
publisher = {ACM},
address = {New York, NY, USA},
keywords = {capacitive sensing, electric field sensing, survey},
} 

@article{Baudisch2009,
author = {Baudisch, Patrick and Chu, Gerry},
doi = {10.1145/1518701.1518995},
file = {:Users/brandon/Library/Application Support/Mendeley Desktop/Downloaded/Baudisch, Chu - 2009 - Back-of-device interaction allows creating very small touch devices.pdf:pdf},
isbn = {9781605582467},
journal = {Proceedings of the SIGCHI conference on Human {\ldots}},
keywords = {back-of-device interaction,input devices,lucid-,lucidtouch,mobile,mobile devices,nanotouch,pointing,touch},
number = {November},
pages = {1923--1932},
title = {{Back-of-device interaction allows creating very small touch devices}},
url = {http://dl.acm.org/citation.cfm?doid=1518701.1518995{\%}5Cnhttp://dl.acm.org/citation.cfm?id=1518701.1518995{\%}5Cnhttp://dl.acm.org/citation.cfm?id=1518995},
year = {2009}
}

@inproceedings{Butler2008,
author = {Butler, Alex and Izadi, Shahram and Hodges, Steve},
title = {SideSight: Multi-"Touch" Interaction Around Small Devices},
booktitle = {Proceedings of the 21st Annual ACM Symposium on User Interface Software and Technology},
series = {UIST '08},
year = {2008},
isbn = {978-1-59593-975-3},
location = {Monterey, CA, USA},
pages = {201--204},
numpages = {4},
url = {http://doi.acm.org/10.1145/1449715.1449746},
doi = {10.1145/1449715.1449746},
acmid = {1449746},
publisher = {ACM},
address = {New York, NY, USA},
keywords = {mobile device interaction, multi-touch, novel hardware, proximity sensing},
} 
year = {2008}
}

@article{Cheng2013,
author = {Cheng, Lung-Pan and Lee, Meng Han and Wu, Che-Yang and Hsiao, Fang-I and Liu, Yen-Ting and Liang, Hsiang-Sheng and Chiu, Yi-Ching and Lee, Ming-Sui and Chen, Mike Y},
doi = {10.1145/2470654.2481424},
file = {:Users/brandon/Library/Application Support/Mendeley Desktop/Downloaded/Cheng et al. - 2013 - IrotateGrasp Automatic Screen Rotation Based on Grasp of Mobile Devices.pdf:pdf},
isbn = {978-1-4503-1899-0},
journal = {Proceedings of the SIGCHI Conference on Human Factors in Computing Systems},
keywords = {91,auto rotation,device,experienced incorrect auto,grasp recognition,of the respondents encountering,of the respondents have,problem several times a,rotation,the,week,with 42},
pages = {3051--3054},
title = {{IrotateGrasp: Automatic Screen Rotation Based on Grasp of Mobile Devices}},
year = {2013}
}
@article{Cheng2013a,
author = {Cheng, Lung-Pan and Liang, Hsiang-sheng and Wu, Che-Yang and Chen, Mike Y.},
doi = {10.1145/2470654.2481422},
file = {:Users/brandon/Library/Application Support/Mendeley Desktop/Downloaded/Cheng et al. - 2013 - iGrasp grasp-based adaptive keyboard for mobile devices.pdf:pdf},
isbn = {9781450318990},
journal = {Proceedings of the SIGCHI Conference on Human Factors in Computing Systems},
pages = {3037--3046},
title = {{iGrasp: grasp-based adaptive keyboard for mobile devices}},
url = {http://dl.acm.org/citation.cfm?id=2481422},
year = {2013}
}
@article{Ens,
author = {Ens, Barrett},
file = {:Users/brandon/Library/Application Support/Mendeley Desktop/Downloaded/Ens - Unknown - Characterizing User Performance with Assisted Direct Off-Screen Pointing.pdf:pdf},
isbn = {9781450305419},
pages = {485--494},
title = {{Characterizing User Performance with Assisted Direct Off-Screen Pointing}}
}
@article{Froehlich2007,
author = {Froehlich, Jon and Wobbrock, Jacob O and Kane, Shaun K},
doi = {10.1145/1296843.1296849},
file = {:Users/brandon/Library/Application Support/Mendeley Desktop/Downloaded/Froehlich, Wobbrock, Kane - 2007 - Barrier Pointing - Using Physical Edges to Assist Target Acquisition on Mobile Device Touch Screens.pdf:pdf},
isbn = {978-1-59593-573-1},
journal = {Proceedings of the 9th International Conference on Computers and Accessibility (ASSETS'07)},
keywords = {PDAs,accessible interfaces,corners,edges,mobile phones,motor impairments,target acquisition,touch screens},
pages = {19--26},
pmid = {2083422},
title = {{Barrier Pointing - Using Physical Edges to Assist Target Acquisition on Mobile Device Touch Screens}},
url = {http://doi.acm.org/10.1145/1296843.1296849},
year = {2007}
}
@article{Grosse-puppendahl2017,
author = {Grosse-puppendahl, Tobias and Holz, Christian and Cohn, Gabe and Wimmer, Raphael and Bechtold, Oskar and Hodges, Steve and Reynolds, Matthew S and Smith, Joshua R},
file = {:Users/brandon/Library/Application Support/Mendeley Desktop/Downloaded/Grosse-puppendahl et al. - 2017 - Finding Common Ground A Survey of Capacitive Sensing in Human-Computer Interaction.pdf:pdf},
isbn = {9781450346559},
title = {{Finding Common Ground : A Survey of Capacitive Sensing in Human-Computer Interaction}},
year = {2017}
}
@article{Gu2011,
author = {Gu, Jiseong and Lee, Geehyuk and Korea, South},
doi = {10.1145/2046396.2046430},
file = {:Users/brandon/Library/Application Support/Mendeley Desktop/Downloaded/Gu, Lee, Korea - 2011 - TouchString A Flexible Linear Multi-Touch Sensor for Prototyping a Freeform Multi-Touch Surface.pdf:pdf},
isbn = {9781450310147},
journal = {Human-Computer Interaction},
keywords = {freeform multi-,linear multi-touch sensor},
pages = {75--76},
title = {{TouchString : A Flexible Linear Multi-Touch Sensor for Prototyping a Freeform Multi-Touch Surface}},
year = {2011}
}
@article{Guo2015,
author = {Guo, Anhong and Xiao, Robert and Harrison, Chris},
doi = {10.1145/2817721.2817722},
isbn = {9781450338998},
journal = {Proceedings of the 2015 International Conference on Interactive Tabletops {\&} Surfaces - ITS '15},
pages = {59--62},
title = {{CapAuth: Identifying and Differentiating User Handprints on Commodity Capacitive Touchscreens}},
url = {http://dl.acm.org/citation.cfm?doid=2817721.2817722},
year = {2015}
}
@article{Hakoda2014,
author = {Hakoda, Hiroyuki and Fukatsu, Yoshitomo and Shizuki, Buntarou and Tanaka, Jiro},
file = {:Users/brandon/Library/Application Support/Mendeley Desktop/Downloaded/Hakoda et al. - 2014 - Back-of-Device Interaction based on the Range of Motion of the Index Finger.pdf:pdf},
isbn = {9781450336734},
number = {2013},
pages = {202--206},
title = {{Back-of-Device Interaction based on the Range of Motion of the Index Finger}},
year = {2014}
}
@article{Hinckley2000,
author = {Hinckley, Ken and Pierce, Jeff and Sinclair, Mike and Horvitz, Eric},
doi = {10.1145/354401.354417},
file = {:Users/brandon/Library/Application Support/Mendeley Desktop/Downloaded/Hinckley et al. - 2000 - Sensing techniques for mobile interaction.pdf:pdf},
isbn = {1581132123},
journal = {Proceedings of the 13th annual ACM symposium on User interface software and technology UIST 00},
keywords = {basis leveraging,deeper shared understanding,detect important events,missed opportunities,physical,properties,rather than,world can viewed},
number = {2},
pages = {91--100},
title = {{Sensing techniques for mobile interaction}},
url = {http://portal.acm.org/citation.cfm?doid=354401.354417},
volume = {2},
year = {2000}
}
@article{Holz2015,

author = {Holz, Christian and Buthpitiya, Senaka and Knaust, Marius},
doi = {10.1145/2702123.2702518},
file = {:Users/brandon/Library/Application Support/Mendeley Desktop/Downloaded/Holz, Buthpitiya, Knaust - 2015 - Bodyprint Biometric User Identification on Mobile Devices Using the Capacitive Touchscreen to Scan Bod.pdf:pdf},
isbn = {9781450331456},
journal = {Proceedings of the ACM CHI'15 Conference on Human Factors in Computing Systems},
pages = {3011--3014},
title = {{Bodyprint: Biometric User Identification on Mobile Devices Using the Capacitive Touchscreen to Scan Body Parts}},
url = {http://dx.doi.org/10.1145/2702123.2702518},
volume = {1},
year = {2015}
}

@article{Jang2016,
author = {Jang, Sungjune and Kim, Lawrence H and Tanner, Kesler and Ishii, Hiroshi and Follmer, Sean},
doi = {10.1145/2858036.2858264},
file = {:Users/brandon/Library/Application Support/Mendeley Desktop/Downloaded/Jang et al. - 2016 - Haptic Edge Display for Mobile Tactile Interaction.pdf:pdf},
isbn = {978-1-4503-3362-7},
issn = {1947-6019},
journal = {Proceedings of the 2016 CHI Conference on Human Factors in Computing Systems},
keywords = {dynamic affordance,mobile haptics,tactile display},
pages = {3706--3716},
title = {{Haptic Edge Display for Mobile Tactile Interaction}},
url = {http://doi.acm.org/10.1145/2858036.2858264},
volume = {15},
year = {2016}
}
@article{Kane2013,
author = {Kane, Shaun K and Morris, Meredith Ringel and Wobbrock, Jacob O},
file = {:Users/brandon/Library/Application Support/Mendeley Desktop/Downloaded/Kane, Morris, Wobbrock - 2013 - Touchplates Low-Cost Tactile Overlays for Visually Impaired Touch Screen Users.pdf:pdf},
keywords = {accessibility,blindness,guides,hardware,touch screens,touchplates,visual impairments},
title = {{Touchplates : Low-Cost Tactile Overlays for Visually Impaired Touch Screen Users}},
year = {2013}
}

@inproceedings{Kato2015,
author = {Kato, Kunihiro and Miyashita, Homei},
title = {ExtensionSticker: A Proposal for a Striped Pattern Sticker to Extend Touch Interfaces and Its Assessment},
booktitle = {Proceedings of the 33rd Annual ACM Conference on Human Factors in Computing Systems},
series = {CHI '15},
year = {2015},
isbn = {978-1-4503-3145-6},
location = {Seoul, Republic of Korea},
pages = {1851--1854},
numpages = {4},
url = {http://doi.acm.org/10.1145/2702123.2702500},
doi = {10.1145/2702123.2702500},
acmid = {2702500},
publisher = {ACM},
address = {New York, NY, USA},
keywords = {capacitive touch panel, conductive ink, continuous touch input, striped pattern sticker},
} 

@article{Kato2015a,
author = {Kato, Kunihiro and Miyashita, Homei},
doi = {10.1145/2815585.2817776},
isbn = {9781450337809},
journal = {Proceedings of the 28th Annual ACM Symposium on User Interface Software {\&} Technology - UIST '15 Adjunct},
keywords = {Author Keywords Interface Cartridge,Mobile HMD,User Interfaces Input Devices and Strategies},
pages = {35--36},
title = {{Creating a Mobile Head-mounted Display with Proprietary Controllers for Interactive Virtual Reality Content}},
url = {http://dl.acm.org/citation.cfm?doid=2815585.2817776},
year = {2015}
}

@inproceedings{kato2016,
author = {Kato, Kunihiro and Miyashita, Homei},
title = {3D Printed Physical Interfaces That Can Extend Touch Devices},
booktitle = {Proceedings of the 29th Annual Symposium on User Interface Software and Technology},
series = {UIST '16 Adjunct},
year = {2016},
isbn = {978-1-4503-4531-6},
location = {Tokyo, Japan},
pages = {47--49},
numpages = {3},
url = {http://doi.acm.org/10.1145/2984751.2985700},
doi = {10.1145/2984751.2985700},
acmid = {2985700},
publisher = {ACM},
address = {New York, NY, USA},
keywords = {3d printer, capacitive touch panel, physical interface},
} 

@article{Kunihiro2014,
author = {Kunihiro, Kato and Homei, Miyashita},
doi = {10.1145/2658779.2668032},
file = {:Users/brandon/Library/Application Support/Mendeley Desktop/Downloaded/Kunihiro, Homei - 2014 - Extension Sticker A Method for Transferring External Touch Input Using a Striped Pattern Sticker.pdf:pdf},
isbn = {9781450330688},
journal = {Proceedings of the adjunct publication of the 27th annual ACM symposium on User interface software and technology - UIST '14 Adjunct},
keywords = {capacitive touch panel,conductive ink,continuous touch input,striped pattern sticker},
pages = {59--60},
title = {{Extension Sticker: A Method for Transferring External Touch Input Using a Striped Pattern Sticker}},
url = {http://dl.acm.org/citation.cfm?id=2658779.2668032},
year = {2014}
}

@inproceedings{Oakley2014,
author = {Oakley, Ian and Lee, Doyoung},
title = {Interaction on the Edge: Offset Sensing for Small Devices},
booktitle = {Proceedings of the SIGCHI Conference on Human Factors in Computing Systems},
series = {CHI '14},
year = {2014},
isbn = {978-1-4503-2473-1},
location = {Toronto, Ontario, Canada},
pages = {169--178},
numpages = {10},
url = {http://doi.acm.org/10.1145/2556288.2557138},
doi = {10.1145/2556288.2557138},
acmid = {2557138},
publisher = {ACM},
address = {New York, NY, USA},
keywords = {edge-of-device input, mobile devices, pointing, touch},
} 

@article{Oakley2016,
author = {Oakley, Ian and Lindahl, Carina and Le, Khanh and Lee, Doyoung and Islam, MD. Rasel},
doi = {10.1145/2858036.2858179},
file = {:Users/brandon/Library/Application Support/Mendeley Desktop/Downloaded/Oakley et al. - 2016 - The Flat Finger.pdf:pdf},
isbn = {9781450333627},
journal = {Proceedings of the 2016 CHI Conference on Human Factors in Computing Systems - CHI '16},
keywords = {area touch,input technique,shape touch,smartwatch},
pages = {4238--4249},
title = {{The Flat Finger}},
url = {http://dl.acm.org/citation.cfm?doid=2858036.2858179},
year = {2016}
}
@article{Ogata2013,

doi = {10.1145/2470654.2481320},
file = {:Users/brandon/Library/Application Support/Mendeley Desktop/Downloaded/Ogata et al. - 2013 - FlashTouch data communication through touchscreens.pdf:pdf},
isbn = {9781450318990},
journal = {Proceedings of CHI 2013},
pages = {2321--2330},
title = {{FlashTouch: data communication through touchscreens}},
url = {http://dl.acm.org/citation.cfm?id=2481320{\%}5Cnpapers://c80d98e4-9a96-4487-8d06-8e1acc780d86/Paper/p10524},
year = {2013}
}

@inproceedings{Schmitz2018,
author = {Schmitz, Martin and Herbers, Martin and Dezfuli, Niloofar and G{\"u}nther, Sebastian and M\"{u}hlh\"{a}user, Max},
title = {Off-Line Sensing: Memorizing Interactions in Passive 3D-Printed Objects},
booktitle = {Proceedings of the 2018 CHI Conference on Human Factors in Computing Systems},
series = {CHI '18},
year = {2018},
isbn = {978-1-4503-5620-6},
location = {Montreal QC, Canada},
pages = {182:1--182:8},
articleno = {182},
numpages = {8},
url = {http://doi.acm.org/10.1145/3173574.3173756},
doi = {10.1145/3173574.3173756},
acmid = {3173756},
publisher = {ACM},
address = {New York, NY, USA},
keywords = {3d printing, capacitive sensing, digital fabrication, input, mechanism, metamaterial, sensors},
} 

@article{Schmitz2017,
author = {Schmitz, Martin and Steimle, Urgen and Huber, Jochen and Dezfuli, Niloofar and Uhlh{\"{a}}user, Max},
doi = {10.1145/3025453.3025663},
isbn = {9781450346559},
journal = {CHI '17 Proceedings of the 2017 CHI Conference on Human Factors in Computing Systems},
keywords = {3D printing,capacitive sensing,deformation,digital fabrication,input,printed electronics,rapid prototyping,touch},
pages = {1001--1014},
title = {{Flexibles: Deformation-Aware 3D-Printed Tangibles for Capacitive Touchscreens}},
url = {http://dx.doi.org/10.1145/3025453.3025663{\%}0Ahttp://dl.acm.org/citation.cfm?id=3025663{\&}CFID=933695613{\&}CFTOKEN=41453473{\%}0Ahttps://www.youtube.com/watch?v=UGcTsb{\_}A0V8},
year = {2017}
}
@article{Smith1999,
author = {Smith, Joshua Reynolds and Gershenfeld, Neil and Benton, Stephan A},
file = {:Users/brandon/Library/Application Support/Mendeley Desktop/Downloaded/Smith, Gershenfeld, Benton - 1999 - Electric Field Imaging.pdf:pdf},
title = {{Electric Field Imaging}},
year = {1999}
}
@article{Southern2016,
author = {Southern, Caleb and Arriaga, Rosa I and Abowd, Gregory D},
number = {2},
title = {{Beyond the Touchscreen : An Exploration of Extending Interactions on Commodity Smartphones}},
volume = {6},
year = {2016}
}
@article{Voelker2013,

author = {Voelker, Simon and Nakajima, Kosuke and Thoresen, Christian and Itoh, Yuichi and $\backslash$Overg$\backslash$aard, Kjell Ivar and Borchers, Jan},
doi = {10.1145/2512349.2512791},
file = {:Users/brandon/Library/Application Support/Mendeley Desktop/Downloaded/Voelker et al. - 2013 - PUCs Detecting Transparent, Passive Untouched Capacitive Widgets on Unmodified Multi-touch Displays.pdf:pdf},
isbn = {978-1-4503-2271-3},
journal = {Proceedings of the 2013 ACM International Conference on Interactive Tabletops and Surfaces},
keywords = {capacitive multi-touch,passive widgets,tabletop interaction,tangible user interfaces,transparent widgets},
number = {1},
pages = {101--104},
title = {{PUCs: Detecting Transparent, Passive Untouched Capacitive Widgets on Unmodified Multi-touch Displays}},
url = {http://doi.acm.org/10.1145/2512349.2512791},
volume = {56},
year = {2013}
}
@article{Wang2016,
author = {Wang, Bing},
file = {:Users/brandon/Library/Application Support/Mendeley Desktop/Downloaded/Wang - 2016 - User Authentication and Identification on Smartphones by Incorporating Capacitive Touchscreen.pdf:pdf},
isbn = {9781509052523},
title = {{User Authentication and Identification on Smartphones by Incorporating Capacitive Touchscreen}},
year = {2016}
}
@article{Wobbrock2008,
author = {Wobbrock, Jacob O. and Myers, Brad A. and Aung, Htet Htet},
doi = {10.1016/j.ijhcs.2008.03.004},
file = {:Users/brandon/Library/Application Support/Mendeley Desktop/Downloaded/Wobbrock, Myers, Aung - 2008 - The performance of hand postures in front- and back-of-device interaction for mobile computing.pdf:pdf},
isbn = {1071-5819},
issn = {10715819},
journal = {International Journal of Human Computer Studies},
keywords = {Back-of-device,EdgeWrite,Finger input,Fitts' law,Front-of-device,Handheld device,Letter orientation,Mobile device,Mobile phone,PDA,Pocket PC,Shape orientation,Text entry,Text input,Throughput,Thumb input,Touch screen,Touchpad},
number = {12},
pages = {857--875},
title = {{The performance of hand postures in front- and back-of-device interaction for mobile computing}},
volume = {66},
year = {2008}
}

@inproceedings{Yu2011,
author = {Yu, Neng-Hao and Tsai, Sung-Sheng and Hsiao, I-Chun and Tsai, Dian-Je and Lee, Meng-Han and Chen, Mike Y. and Hung, Yi-Ping},
title = {Clip-on Gadgets: Expanding Multi-touch Interaction Area with Unpowered Tactile Controls},
booktitle = {Proceedings of the 24th Annual ACM Symposium on User Interface Software and Technology},
series = {UIST '11},
year = {2011},
isbn = {978-1-4503-0716-1},
location = {Santa Barbara, California, USA},
pages = {367--372},
numpages = {6},
url = {http://doi.acm.org/10.1145/2047196.2047243},
doi = {10.1145/2047196.2047243},
acmid = {2047243},
publisher = {ACM},
address = {New York, NY, USA},
keywords = {mobile devices, multi-touch, physical controllers, tactile input, tangible, toolkit},
} 

@article{Zeng2013,
author = {Zeng, Xinda and Tian, Feng and Jiang, Yingying and Zhang, Xiaolong (Luke) and Dai, Guozhong and Wang, Hongan},
doi = {10.1145/2468356.2468585},
isbn = {978-1-4503-1952-2},
journal = {Proceedings of the 2013 CHI Conference on Human Factors in Computing Systems - CHI '13},
keywords = {mobile devices,multi-touch,off-screen interaction},
pages = {1281--1286},
title = {{Thumb Widgets: Apply Thumb-tracking to Enhance Capabilities of Multi-touch on Mobile Devices}},
url = {http://doi.acm.org/10.1145/2468356.2468585},
year = {2013}
}

@article{Zimmerman1995,
author = {Zimmerman, Thomas G. and Smith, Joshua R. and Paradiso, Joseph a. and Allport, David and Gershenfeld, Neil},
doi = {10.1145/223904.223940},
file = {:Users/brandon/Library/Application Support/Mendeley Desktop/Downloaded/Zimmerman et al. - 1995 - Applying electric field sensing to human-computer interfaces.pdf:pdf},
isbn = {0201847051},
issn = {0018-8670},
journal = {Proceedings of the SIGCHI conference on Human factors in computing systems - CHI '95},
keywords = {electric field,gesture,human-computer interfaces,input device,interface,joseph a,joshua r,lying electric field sensing,mit media laboratory -,neil gershenfeld,non-contact sensing,paradiso,physics and media group,smith,thomas g,to,user interface,zimmerman},
number = {May},
pages = {280--287},
pmid = {2006},
title = {{Applying electric field sensing to human-computer interfaces}},
url = {http://portal.acm.org/citation.cfm?doid=223904.223940},
year = {1995}
}

@article{barrett2010projected,
title={Projected-capacitive touch technology},
author={Barrett, Gary and Omote, Ryomei},
journal={Information Display},
volume={26},
number={3},
pages={16--21},
doi={10.1002/j.2637-496X.2010.tb00229.x},
year={2010}
}

@article{ye2015high,
author={Z. {Ye} and M. {Wong} and M. {Ng} and K. {Chui} and C. {Kong} and L. {Lu} and T. {Liu} and J. K. {Luo}}, 
journal={Journal of Display Technology}, 
title={High Precision Active-Matrix Self-Capacitive Touch Panel Based on Fluorinated ZnO Thin-Film Transistor}, 
year={2015}, 
volume={11}, 
number={1}, 
pages={22-29}, 
keywords={capacitive sensors;II-VI semiconductors;tactile sensors;thin film sensors;thin film transistors;touch sensitive screens;wide band gap semiconductors;zinc compounds;high precision active-matrix self-capacitive touch panel;matrix-addressed capacitive sensing;fluorinated zinc oxide transparent thin-film transistor;precision stylus pen-based writing;fingerprint sensing;ZnO;Thin film transistors;Sensors;Capacitance;Zinc oxide;Capacitors;Indium tin oxide;Sensitivity;Multi-touch;thin-film transistor;transparent electronics;zinc oxide}, 
doi={10.1109/JDT.2014.2357845}, 
ISSN={1551-319X}, 
month={Jan},}

@article{Groeger:2018:OAE:3178157.3161165,
author = {Groeger, Daniel and Steimle, J{\"u}rgen},
title = {ObjectSkin: Augmenting Everyday Objects with Hydroprinted Touch Sensors and Displays},
journal = {Proc. ACM Interact. Mob. Wearable Ubiquitous Technol.},
issue_date = {December 2017},
volume = {1},
number = {4},
month = jan,
year = {2018},
issn = {2474-9567},
pages = {134:1--134:23},
articleno = {134},
numpages = {23},
url = {http://doi.acm.org/10.1145/3161165},
doi = {10.1145/3161165},
acmid = {3161165},
publisher = {ACM},
address = {New York, NY, USA},
keywords = {Fabrication, displays, interactive objects, printed electronics, prototyping, sensors, touch input},
} 

@inproceedings{Xiao-WorldKit,
author = {Xiao, Robert and Harrison, Chris and Hudson, Scott E.},
title = {WorldKit: Rapid and Easy Creation of Ad-hoc Interactive Applications on Everyday Surfaces},
booktitle = {Proceedings of the SIGCHI Conference on Human Factors in Computing Systems},
series = {CHI '13},
year = {2013},
isbn = {978-1-4503-1899-0},
location = {Paris, France},
pages = {879--888},
numpages = {10},
url = {http://doi.acm.org/10.1145/2470654.2466113},
doi = {10.1145/2470654.2466113},
acmid = {2466113},
publisher = {ACM},
address = {New York, NY, USA},
keywords = {augmented reality, depth sensing cameras, interactive spaces, sensors, smart rooms, surface computing, touch screens, ubiquitous computing},
} 

@inproceedings{Wilson-2010-Light-Space,
author = {Wilson, Andrew D. and Benko, Hrvoje},
title = {Combining Multiple Depth Cameras and Projectors for Interactions on, Above and Between Surfaces},
booktitle = {Proceedings of the 23Nd Annual ACM Symposium on User Interface Software and Technology},
series = {UIST '10},
year = {2010},
isbn = {978-1-4503-0271-5},
location = {New York, New York, USA},
pages = {273--282},
numpages = {10},
url = {http://doi.acm.org/10.1145/1866029.1866073},
doi = {10.1145/1866029.1866073},
acmid = {1866073},
publisher = {ACM},
address = {New York, NY, USA},
keywords = {augmented reality, depth cameras, interactive spaces, surface computing, ubiquitous computing},
} 

@inproceedings{pinhanez2001everywhere,
author="Pinhanez, Claudio",
editor="Abowd, Gregory D.
and Brumitt, Barry
and Shafer, Steven",
title="The Everywhere Displays Projector: A Device to Create Ubiquitous Graphical Interfaces",
booktitle="Ubicomp 2001: Ubiquitous Computing",
year="2001",
doi = {10.1007/3-540-45427-6_27},
publisher="Springer Berlin Heidelberg",
address="Berlin, Heidelberg",
pages="315--331",
isbn="978-3-540-45427-4"
}

@inproceedings{Fails-2002-Light-Widgets,
author = {Fails, Jerry Alan and Jr., Dan Olsen},
title = {Light Widgets: Interacting in Every-day Spaces},
booktitle = {Proceedings of the 7th International Conference on Intelligent User Interfaces},
series = {IUI '02},
year = {2002},
isbn = {1-58113-459-2},
location = {San Francisco, California, USA},
pages = {63--69},
numpages = {7},
url = {http://doi.acm.org/10.1145/502716.502729},
doi = {10.1145/502716.502729},
acmid = {502729},
publisher = {ACM},
address = {New York, NY, USA},
keywords = {computer vision, cross-modal interaction, ubiquitous computing},
} 

@inproceedings{Wen-2016-UbiTouch,
author = {Wen, Elliott and Seah, Winston and Ng, Bryan and Liu, Xuefeng and Cao, Jiannong},
title = {UbiTouch: Ubiquitous Smartphone Touchpads Using Built-in Proximity and Ambient Light Sensors},
booktitle = {Proceedings of the 2016 ACM International Joint Conference on Pervasive and Ubiquitous Computing},
series = {UbiComp '16},
year = {2016},
isbn = {978-1-4503-4461-6},
location = {Heidelberg, Germany},
pages = {286--297},
numpages = {12},
url = {http://doi.acm.org/10.1145/2971648.2971678},
doi = {10.1145/2971648.2971678},
acmid = {2971678},
publisher = {ACM},
address = {New York, NY, USA},
} 

@inproceedings{Ono-Touch-and-Activate,
author = {Ono, Makoto and Shizuki, Buntarou and Tanaka, Jiro},
title = {Touch and Activate: Adding Interactivity to Existing Objects Using Active Acoustic Sensing},
booktitle = {Proceedings of the 26th Annual ACM Symposium on User Interface Software and Technology},
series = {UIST '13},
year = {2013},
isbn = {978-1-4503-2268-3},
location = {St. Andrews, Scotland, United Kingdom},
pages = {31--40},
numpages = {10},
url = {http://doi.acm.org/10.1145/2501988.2501989},
doi = {10.1145/2501988.2501989},
acmid = {2501989},
publisher = {ACM},
address = {New York, NY, USA},
keywords = {acoustic classification, gestures, grasp, machine learning, piezo-electric sensor, prototyping, sensors, support vector machine, tangibles, touch},
} 

@inproceedings{Xiao-2014-Toffee,
author = {Xiao, Robert and Lew, Greg and Marsanico, James and Hariharan, Divya and Hudson, Scott and Harrison, Chris},
title = {Toffee: Enabling Ad Hoc, Around-device Interaction with Acoustic Time-of-arrival Correlation},
booktitle = {Proceedings of the 16th International Conference on Human-computer Interaction with Mobile Devices \&\#38; Services},
series = {MobileHCI '14},
year = {2014},
isbn = {978-1-4503-3004-6},
location = {Toronto, ON, Canada},
pages = {67--76},
numpages = {10},
url = {http://doi.acm.org/10.1145/2628363.2628383},
doi = {10.1145/2628363.2628383},
acmid = {2628383},
publisher = {ACM},
address = {New York, NY, USA},
keywords = {adi, around device interaction, everyday surfaces, interfaces everywhere, tdoa, time difference of arrival, time of flight correlation, toa, tof, touch interaction, vibro-acoustic sensors},
} 

@inproceedings{Wang-2014-keyboard,
author = {Wang, Junjue and Zhao, Kaichen and Zhang, Xinyu and Peng, Chunyi},
title = {Ubiquitous Keyboard for Small Mobile Devices: Harnessing Multipath Fading for Fine-grained Keystroke Localization},
booktitle = {Proceedings of the 12th Annual International Conference on Mobile Systems, Applications, and Services},
series = {MobiSys '14},
year = {2014},
isbn = {978-1-4503-2793-0},
location = {Bretton Woods, New Hampshire, USA},
pages = {14--27},
numpages = {14},
url = {http://doi.acm.org/10.1145/2594368.2594384},
doi = {10.1145/2594368.2594384},
acmid = {2594384},
publisher = {ACM},
address = {New York, NY, USA},
keywords = {acoustic localization, mobile text-entry, paper keyboard, ubik},
} 

@inproceedings{Ono-2014,
author = {Ono, Makoto and Shizuki, Buntarou and Tanaka, Jiro},
title = {A Rapid Prototyping Toolkit for Touch Sensitive Objects Using Active Acoustic Sensing},
booktitle = {Proceedings of the Adjunct Publication of the 27th Annual ACM Symposium on User Interface Software and Technology},
series = {UIST'14 Adjunct},
year = {2014},
isbn = {978-1-4503-3068-8},
location = {Honolulu, Hawaii, USA},
pages = {35--36},
numpages = {2},
url = {http://doi.acm.org/10.1145/2658779.2659101},
doi = {10.1145/2658779.2659101},
acmid = {2659101},
publisher = {ACM},
address = {New York, NY, USA},
keywords = {acoustic classification, machine learning, opensound control, piezo-electric sensor, prototyping, sensors, support vector machine, tangibles, visual programming},
} 


@inproceedings{Zhang-Electrick,
author = {Zhang, Yang and Laput, Gierad and Harrison, Chris},
title = {Electrick: Low-Cost Touch Sensing Using Electric Field Tomography},
booktitle = {Proceedings of the 2017 CHI Conference on Human Factors in Computing Systems},
series = {CHI '17},
year = {2017},
isbn = {978-1-4503-4655-9},
location = {Denver, Colorado, USA},
pages = {1--14},
numpages = {14},
url = {http://doi.acm.org/10.1145/3025453.3025842},
doi = {10.1145/3025453.3025842},
acmid = {3025842},
publisher = {ACM},
address = {New York, NY, USA},
keywords = {electric field sensing, finger tracking, interactivity tools., rapid prototyping, tomography, touch sensing},
} 

@inproceedings{Zhang-wall,
author = {Zhang, Yang and Yang, Chouchang (Jack) and Hudson, Scott E. and Harrison, Chris and Sample, Alanson},
title = {Wall++: Room-Scale Interactive and Context-Aware Sensing},
booktitle = {Proceedings of the 2018 CHI Conference on Human Factors in Computing Systems},
series = {CHI '18},
year = {2018},
isbn = {978-1-4503-5620-6},
location = {Montreal QC, Canada},
pages = {273:1--273:15},
articleno = {273},
numpages = {15},
url = {http://doi.acm.org/10.1145/3173574.3173847},
doi = {10.1145/3173574.3173847},
acmid = {3173847},
publisher = {ACM},
address = {New York, NY, USA},
keywords = {em sensing, context aware, gestures, indoor localization, internet of things, pose estimation, smart environments, touch sensing, user identification},
} 

@inproceedings{Zhang-pulp,
author = {Zhang, Yang and Harrison, Chris},
title = {Pulp Nonfiction: Low-Cost Touch Tracking for Paper},
booktitle = {Proceedings of the 2018 CHI Conference on Human Factors in Computing Systems},
series = {CHI '18},
year = {2018},
isbn = {978-1-4503-5620-6},
location = {Montreal QC, Canada},
pages = {117:1--117:11},
articleno = {117},
numpages = {11},
url = {http://doi.acm.org/10.1145/3173574.3173691},
doi = {10.1145/3173574.3173691},
acmid = {3173691},
publisher = {ACM},
address = {New York, NY, USA},
keywords = {electric field tomography, input, interaction techniques, multi-touch, paper, pen tracking, touch tracking},
} 


@inproceedings{Sato-Touche,
author = {Sato, Munehiko and Poupyrev, Ivan and Harrison, Chris},
title = {Touch{\'e}: Enhancing Touch Interaction on Humans, Screens, Liquids, and Everyday Objects},
booktitle = {Proceedings of the SIGCHI Conference on Human Factors in Computing Systems},
series = {CHI '12},
year = {2012},
isbn = {978-1-4503-1015-4},
location = {Austin, Texas, USA},
pages = {483--492},
numpages = {10},
url = {http://doi.acm.org/10.1145/2207676.2207743},
doi = {10.1145/2207676.2207743},
acmid = {2207743},
publisher = {ACM},
address = {New York, NY, USA},
keywords = {gestures, mobile devices, on-body computing, sensors, touch, ubiquitous interfaces},
} 

@inproceedings{Paradiso-2002-Window,
author = {Paradiso, Joseph A. and Leo, Che King and Checka, Nisha and Hsiao, Kaijen},
title = {Passive Acoustic Knock Tracking for Interactive Windows},
booktitle = {CHI '02 Extended Abstracts on Human Factors in Computing Systems},
series = {CHI EA '02},
year = {2002},
isbn = {1-58113-454-1},
location = {Minneapolis, Minnesota, USA},
pages = {732--733},
numpages = {2},
url = {http://doi.acm.org/10.1145/506443.506570},
doi = {10.1145/506443.506570},
acmid = {506570},
publisher = {ACM},
address = {New York, NY, USA},
keywords = {acoustic tracking, interactive surface, touch screen},
} 

@inproceedings{Cheng-2013-IrotateGrasp,
author = {Cheng, Lung-Pan and Lee, Meng Han and Wu, Che-Yang and Hsiao, Fang-I and Liu, Yen-Ting and Liang, Hsiang-Sheng and Chiu, Yi-Ching and Lee, Ming-Sui and Chen, Mike Y.},
title = {IrotateGrasp: Automatic Screen Rotation Based on Grasp of Mobile Devices},
booktitle = {Proceedings of the SIGCHI Conference on Human Factors in Computing Systems},
series = {CHI '13},
year = {2013},
isbn = {978-1-4503-1899-0},
location = {Paris, France},
pages = {3051--3054},
numpages = {4},
url = {http://doi.acm.org/10.1145/2470654.2481424},
doi = {10.1145/2470654.2481424},
acmid = {2481424},
publisher = {ACM},
address = {New York, NY, USA},
keywords = {adaptive user interface, auto rotation, device orientation, grasp recognition, mobile device},
} 

@inproceedings{Savage-2012-Midas,
author = {Savage, Valkyrie and Zhang, Xiaohan and Hartmann, Bj{\"o}rn},
title = {Midas: Fabricating Custom Capacitive Touch Sensors to Prototype Interactive Objects},
booktitle = {Proceedings of the 25th Annual ACM Symposium on User Interface Software and Technology},
series = {UIST '12},
year = {2012},
isbn = {978-1-4503-1580-7},
location = {Cambridge, Massachusetts, USA},
pages = {579--588},
numpages = {10},
url = {http://doi.acm.org/10.1145/2380116.2380189},
doi = {10.1145/2380116.2380189},
acmid = {2380189},
publisher = {ACM},
address = {New York, NY, USA},
keywords = {capacitive touch sensing, design tools, fabrication, prototyping},
} 


@inproceedings{Laput-2015-Acoustruments,
author = {Laput, Gierad and Brockmeyer, Eric and Hudson, Scott E. and Harrison, Chris},
title = {Acoustruments: Passive, Acoustically-Driven, Interactive Controls for Handheld Devices},
booktitle = {Proceedings of the 33rd Annual ACM Conference on Human Factors in Computing Systems},
series = {CHI '15},
year = {2015},
isbn = {978-1-4503-3145-6},
location = {Seoul, Republic of Korea},
pages = {2161--2170},
numpages = {10},
url = {http://doi.acm.org/10.1145/2702123.2702414},
doi = {10.1145/2702123.2702414},
acmid = {2702414},
publisher = {ACM},
address = {New York, NY, USA},
keywords = {acoustic sensing, fabrication, mechanisms and controls, mobile and handheld devices},
} 

@misc{ITO,
title = {{ITO manufacture}},
author = {Alien Technology},
howpublished = "\url{http://www.h-nxc.com/}",
Year = {2018}
}

@inproceedings{Ikematsu-Ohmic-Touch,
author = {Ikematsu, Kaori and Siio, Itiro},
title = {Ohmic-Touch: Extending Touch Interaction by Indirect Touch Through Resistive Objects},
booktitle = {Proceedings of the 2018 CHI Conference on Human Factors in Computing Systems},
series = {CHI '18},
year = {2018},
isbn = {978-1-4503-5620-6},
location = {Montreal QC, Canada},
pages = {521:1--521:8},
articleno = {521},
numpages = {8},
url = {http://doi.acm.org/10.1145/3173574.3174095},
doi = {10.1145/3173574.3174095},
acmid = {3174095},
publisher = {ACM},
address = {New York, NY, USA},
keywords = {capacitive touch surface, digital fabrication, indirect touch, tangible user interface},
} 

@inproceedings{Rekimoto-SmartSkin,
author = {Rekimoto, Jun},
title = {SmartSkin: An Infrastructure for Freehand Manipulation on Interactive Surfaces},
booktitle = {Proceedings of the SIGCHI Conference on Human Factors in Computing Systems},
series = {CHI '02},
year = {2002},
isbn = {1-58113-453-3},
location = {Minneapolis, Minnesota, USA},
pages = {113--120},
numpages = {8},
url = {http://doi.acm.org/10.1145/503376.503397},
doi = {10.1145/503376.503397},
acmid = {503397},
publisher = {ACM},
address = {New York, NY, USA},
keywords = {augmented tables, gesture recognition, interactive surfaces, touch-sensitive interfaces, two-handed interfaces},
} 

@inproceedings{Harrison-2008-Scratch-iput,
author = {Harrison, Chris and Hudson, Scott E.},
title = {Scratch Input: Creating Large, Inexpensive, Unpowered and Mobile Finger Input Surfaces},
booktitle = {Proceedings of the 21st Annual ACM Symposium on User Interface Software and Technology},
series = {UIST '08},
year = {2008},
isbn = {978-1-59593-975-3},
location = {Monterey, CA, USA},
pages = {205--208},
numpages = {4},
url = {http://doi.acm.org/10.1145/1449715.1449747},
doi = {10.1145/1449715.1449747},
acmid = {1449747},
publisher = {ACM},
address = {New York, NY, USA},
keywords = {acoustic sensing, ad hoc interaction, finger input, gestures, mobile devices, surfaces},
} 

@inproceedings{laput2015acoustruments,
title={Acoustruments: Passive, acoustically-driven, interactive controls for handheld devices},
author={Laput, Gierad and Brockmeyer, Eric and Hudson, Scott E and Harrison, Chris},
booktitle={Proceedings of the 33rd Annual ACM Conference on Human Factors in Computing Systems},
pages={2161--2170},
year={2015},
organization={ACM}
}

@inproceedings{wen2016ubitouch,
title={UbiTouch: ubiquitous smartphone touchpads using built-in proximity and ambient light sensors},
author={Wen, Elliott and Seah, Winston and Ng, Bryan and Liu, Xuefeng and Cao, Jiannong},
booktitle={Proceedings of the 2016 ACM International Joint Conference on Pervasive and Ubiquitous Computing},
pages={286--297},
year={2016},
organization={ACM}
}

@inproceedings{wang2014ubiquitous,
title={Ubiquitous keyboard for small mobile devices: harnessing multipath fading for fine-grained keystroke localization},
author={Wang, Junjue and Zhao, Kaichen and Zhang, Xinyu and Peng, Chunyi},
booktitle={Proceedings of the 12th annual international conference on Mobile systems, applications, and services},
pages={14--27},
year={2014},
organization={ACM}
}